%
%	bibliografia cartacea
%
@book{som,
    author    = "Ian Sommerville",
    title     = "Ingegneria del software",
    edition	=	"8",
    year      = "2007",
    publisher = "Addison-Wesley, Pearson Education",
}

@book{swebok,
	author	=	"Alain Abran, James W. Moore, Pierre Bourque, Robert Dupuis",
	title	=	"SWEBOK: Guide to the software engineering Body of Knowledge",
	year	=	"2004",
	publisher	=	"IEEE Computer Society",
	howpublished	=	"\url{http://www.computer.org/portal/web/swebok/home}"
}

@book{umlIC,
    author    = "Luciano Baresi, Luigi Lavazza, Massimiliano Pianciamore",
    title     = "Dall'idea al codice con UML 2. Guida all'utilizzo di UML attraverso esempi.",
    year      = "2006",
    publisher = "Addison-Wesley, Pearson Education",
}

@book{umlDist,
	author	=	"Martin Fowler",
	title	=	"UML distilled. Guida rapida al linguaggio di modellazione standard",
	year	=	"2010",
	edition	=	"4",
    publisher = "Addison-Wesley, Pearson Education",	
}


%
%	Materiale Vardanega
%
@misc{slideTV,
	author    = "Prof. Tullio Vardanega",
	title     = "Materiale del corso di Ingegneria del Software 2012-2013",
	howpublished	=	"\ulr{http://www.math.unipd.it/~tullio/IS-1/2012/}",
	year	=	"2012",
}


%
%	Link Web
%
@misc{webRTC,
      author	=	"Google Inc.",
      title	=	"Web{\uppercase{RTC}}",
      howpublished	=	"\url{http://www.webrtc.org/}"
}
